% Encoding: UTF-8

@Article{Dershowitz82,
  author    = {Nachum Dershowitz},
  title     = {Orderings for Term-Rewriting Systems},
  journal   = {Theor. Comput. Sci.},
  year      = {1982},
  volume    = {17},
  pages     = {279--301},
  bibsource = {dblp computer science bibliography, https://dblp.org},
  biburl    = {https://dblp.org/rec/bib/journals/tcs/Dershowitz82},
  doi       = {10.1016/0304-3975(82)90026-3},
  timestamp = {Wed, 14 Nov 2018 10:33:29 +0100},
  url       = {https://doi.org/10.1016/0304-3975(82)90026-3},
}

@Comment{jabref-meta: databaseType:bibtex;}
