% Encoding: UTF-8




@inproceedings{Ramsey-Pfeffer-2002,
	Author = {Ramsey, Norman and Pfeffer, Avi},
	Booktitle = {Proceedings of the 29th ACM SIGPLAN-SIGACT Symposium on Principles of Programming Languages},
	Date-Added = {2019-10-24 06:40:03 +0100},
	Date-Modified = {2019-10-24 06:40:03 +0100},
	Keywords = {lambda-calculus, probabilistic},
	Pages = {154--165},
	Series = {POPL '02},
	Title = {Stochastic Lambda Calculus and Monads of Probability Distributions},
	Year = {2002},
	Bdsk-File-1 = {YnBsaXN0MDDSAQIDBFxyZWxhdGl2ZVBhdGhZYWxpYXNEYXRhXxBiLi4vLi4vLi4vUGFwZXJzL1JhbXNleS9TdG9jaGFzdGljIExhbWJkYSBDYWxjdWx1cyBhbmQgTW9uYWRzIG9mIFByb2JhYmlsaXR5IERpc3RyaWJ1dGlvbnMtMjAwMi5wZGZPEQJoAAAAAAJoAAIAAAxNYWNpbnRvc2ggSEQAAAAAAAAAAAAAAAAAAADTULemSCsAAAGyjhEfU3RvY2hhc3RpYyBMYW1iZGEgQyMxQjI4RDVFLnBkZgAAAAAAAAAAAAAAAAAAAAAAAAAAAAAAAAAAAAAAAAAAAbKNXtnW84UAAAAAAAAAAAADAAMAAAkgAAAAAAAAAAAAAAAAAAAABlJhbXNleQAQAAgAANNQqZYAAAARAAgAANnW5XUAAAABABQBso4RAVo8EwAMfSMADHb/AAYwvAACAFZNYWNpbnRvc2ggSEQ6VXNlcnM6AFdpbGxlbToARG9jdW1lbnRzOgBQYXBlcnM6AFJhbXNleToAU3RvY2hhc3RpYyBMYW1iZGEgQyMxQjI4RDVFLnBkZgAOAJgASwBTAHQAbwBjAGgAYQBzAHQAaQBjACAATABhAG0AYgBkAGEAIABDAGEAbABjAHUAbAB1AHMAIABhAG4AZAAgAE0AbwBuAGEAZABzACAAbwBmACAAUAByAG8AYgBhAGIAaQBsAGkAdAB5ACAARABpAHMAdAByAGkAYgB1AHQAaQBvAG4AcwAtADIAMAAwADIALgBwAGQAZgAPABoADABNAGEAYwBpAG4AdABvAHMAaAAgAEgARAASAHBVc2Vycy9XaWxsZW0vRG9jdW1lbnRzL1BhcGVycy9SYW1zZXkvU3RvY2hhc3RpYyBMYW1iZGEgQ2FsY3VsdXMgYW5kIE1vbmFkcyBvZiBQcm9iYWJpbGl0eSBEaXN0cmlidXRpb25zLTIwMDIucGRmABMAAS8AABUAAgAN//8AAAAIAA0AGgAkAIkAAAAAAAACAQAAAAAAAAAFAAAAAAAAAAAAAAAAAAAC9Q==}}

@inproceedings{Manber-Tompa-1982,
	Author = {Udi Manber and Martin Tompa},
	Booktitle = {14th Annual ACM Symposium on Theory of Computing},
	Date-Added = {2019-10-24 06:07:59 +0100},
	Date-Modified = {2019-10-24 06:07:59 +0100},
	Keywords = {decision diagrams},
	Pages = {234--244},
	Title = {Probabilistic, nondeterministic, and alternating decision trees},
	Year = {1982}}

@article{Zantema-Pol-2001,
	Author = {Hans Zantema and Jaco van de Pol},
	Date-Added = {2019-10-24 05:55:55 +0100},
	Date-Modified = {2019-10-24 05:55:55 +0100},
	Journal = {The Journal of Logic and Algebraic Programming},
	Keywords = {rewriting},
	Pages = {61--86},
	Title = {A rewriting approach to binary decision diagrams},
	Volume = {49},
	Year = {2001},
	Bdsk-File-1 = {YnBsaXN0MDDSAQIDBFxyZWxhdGl2ZVBhdGhZYWxpYXNEYXRhXxBRLi4vLi4vLi4vUGFwZXJzL1phbnRlbWEvQSByZXdyaXRpbmcgYXBwcm9hY2ggdG8gYmluYXJ5IGRlY2lzaW9uIGRpYWdyYW1zLTIwMDEucGRmTxECOAAAAAACOAACAAAMTWFjaW50b3NoIEhEAAAAAAAAAAAAAAAAAAAA01C3pkgrAAABoEuBH0EgcmV3cml0aW5nIGFwcHJvYWMjMUEwMzAwMS5wZGYAAAAAAAAAAAAAAAAAAAAAAAAAAAAAAAAAAAAAAAAAAAGgMAHZbx21AAAAAAAAAAAAAwADAAAJIAAAAAAAAAAAAAAAAAAAAAdaYW50ZW1hAAAQAAgAANNQqZYAAAARAAgAANlvD6UAAAABABQBoEuBAVo8EwAMfSMADHb/AAYwvAACAFdNYWNpbnRvc2ggSEQ6VXNlcnM6AFdpbGxlbToARG9jdW1lbnRzOgBQYXBlcnM6AFphbnRlbWE6AEEgcmV3cml0aW5nIGFwcHJvYWMjMUEwMzAwMS5wZGYAAA4AdAA5AEEAIAByAGUAdwByAGkAdABpAG4AZwAgAGEAcABwAHIAbwBhAGMAaAAgAHQAbwAgAGIAaQBuAGEAcgB5ACAAZABlAGMAaQBzAGkAbwBuACAAZABpAGEAZwByAGEAbQBzAC0AMgAwADAAMQAuAHAAZABmAA8AGgAMAE0AYQBjAGkAbgB0AG8AcwBoACAASABEABIAX1VzZXJzL1dpbGxlbS9Eb2N1bWVudHMvUGFwZXJzL1phbnRlbWEvQSByZXdyaXRpbmcgYXBwcm9hY2ggdG8gYmluYXJ5IGRlY2lzaW9uIGRpYWdyYW1zLTIwMDEucGRmAAATAAEvAAAVAAIADf//AAAACAANABoAJAB4AAAAAAAAAgEAAAAAAAAABQAAAAAAAAAAAAAAAAAAArQ=}}

@Article{Dershowitz82,
  author     = {Nachum Dershowitz},
  title      = {Orderings for Term-Rewriting Systems},
  journal    = {Theor. Comput. Sci.},
  year       = {1982},
  volume     = {17},
  pages      = {279--301},
  bdsk-url-1 = {https://doi.org/10.1016/0304-3975(82)90026-3},
  bibsource  = {dblp computer science bibliography, https://dblp.org},
  biburl     = {https://dblp.org/rec/bib/journals/tcs/Dershowitz82},
  ignoredoi  = {10.1016/0304-3975(82)90026-3},
  ignoreurl  = {https://doi.org/10.1016/0304-3975(82)90026-3},
  timestamp  = {Wed, 14 Nov 2018 10:33:29 +0100},
}

@inproceedings{SahebDjahromi78,
	Author = {N. Saheb{-}Djahromi},
	Booktitle = {Proc. of MSCS},
	Pages = {442--451},
	Publisher = {Springer},
	Series = {LNCS},
	Title = {Probabilistic {LCF}},
	Volume = {64},
	Year = {1978}}

@inproceedings{JonesPlotkin89,
	Author = {C. Jones and Gordon D. Plotkin},
	Booktitle = {Proc. of {LICS}},
	Pages = {186--195},
	Publisher = {{IEEE} Computer Society},
	Title = {A Probabilistic Powerdomain of Evaluations},
	Year = {1989}}

@article{DalLagoZorzi12,
	Author = {Dal Lago, Ugo and Margherita Zorzi},
	Journal = {{RAIRO} - Theor. Inf. and Applic.},
	Number = {3},
	Pages = {413--450},
	Title = {Probabilistic operational semantics for the lambda calculus},
	Volume = {46},
	Year = {2012}}

@InProceedings{DalLagoSangiorgiAlberti14,
  author    = {Ugo {Dal Lago} and Davide Sangiorgi and Michele Alberti},
  title     = {On coinductive equivalences for higher-order probabilistic functional programs},
  booktitle = {Proc. of {POPL}},
  year      = {2014},
  pages     = {297--308},
}

@article{EPT18,
	Author = {Thomas Ehrhard and Michele Pagani and Christine Tasson},
	Journal = {J. {ACM}},
	Number = {4},
	Pages = {23:1--23:44},
	Title = {Full Abstraction for Probabilistic {PCF}},
	Volume = {65},
	Year = {2018}}

@article{DalLagoGrellois19,
	Author = {Dal Lago, Ugo and Charles Grellois},
	Journal = {{ACM} Trans. Program. Lang. Syst.},
	Number = {2},
	Pages = {10:1--10:65},
	Title = {Probabilistic Termination by Monadic Affine Sized Typing},
	Volume = {41},
	Year = {2019}}

@inproceedings{FaggianRonchi19,
	Author = {Claudia Faggian and Simona Ronchi Della Rocca},
	Booktitle = {Proc. of {LICS}},
	Pages = {1--13},
	Publisher = {{IEEE} Computer Society},
	Title = {Lambda Calculus and Probabilistic Computation},
	Year = {2019}}

@inproceedings{Leventis18,
	Author = {Thomas Leventis},
	Booktitle = {Proc. of {LICS}},
	Pages = {649--658},
	Publisher = {{IEEE} Computer Society},
	Title = {Probabilistic B{\"{o}}hm Trees and Probabilistic Separation},
	Year = {2018}}

@inproceedings{GoubaultLarrecq19,
	Author = {Jean Goubault{-}Larrecq},
	Booktitle = {Proc. of {LICS}},
	Pages = {1--13},
	Publisher = {{IEEE} Computer Society},
	Title = {A Probabilistic and Non-Deterministic Call-by-Push-Value Language},
	Year = {2019}}

@article{JungTix98,
	Author = {Achim Jung and Regina Tix},
	Journal = {Electr. Notes Theor. Comput. Sci.},
	Pages = {70--91},
	Title = {The troublesome probabilistic powerdomain},
	Volume = {13},
	Year = {1998}}

@article{DanosEhrhard11,
	Author = {Vincent Danos and Thomas Ehrhard},
	Journal = {Inf. Comput.},
	Number = {6},
	Pages = {966--991},
	Title = {Probabilistic coherence spaces as a model of higher-order probabilistic computation},
	Volume = {209},
	Year = {2011}}

@inproceedings{BreuvartDalLago18,
	Author = {Flavien Breuvart and Dal Lago, Ugo},
	Booktitle = {Proc. of {PPDP}},
	Pages = {8:1--8:13},
	Title = {On Intersection Types and Probabilistic Lambda Calculi},
	Year = {2018}}

@inproceedings{AvanziniDalLagoGhyselen19,
	Author = {Martin Avanzini and Dal Lago, Ugo and Alexis Ghyselen},
	Booktitle = {Proc. of {LICS}},
	Pages = {1--13},
	Title = {Type-Based Complexity Analysis of Probabilistic Functional Programs},
	Year = {2019}}

@inproceedings{SangiorgiVignudelli16,
	Author = {Davide Sangiorgi and Valeria Vignudelli},
	Booktitle = {Proc. of {POPL}},
	Pages = {595--607},
	Title = {Environmental bisimulations for probabilistic higher-order languages},
	Year = {2016}}

@article{EhrhardTasson19,
	Author = {Thomas Ehrhard and Christine Tasson},
	Journal = {Logical Methods in Computer Science},
	Number = {1},
	Title = {Probabilistic call by push value},
	Volume = {15},
	Year = {2019}}

@inproceedings{DLFVY17,
	Author = {Dal Lago, Ugo and Claudia Faggian and Beno{\^{\i}}t Valiron and Akira Yoshimizu},
	Booktitle = {Proc. of {POPL}},
	Pages = {833--845},
	Title = {The geometry of parallelism: classical, probabilistic, and quantum effects},
	Year = {2017}}

@Article{Takahashi95,
  author    = {Masako Takahashi},
  title     = {Parallel Reductions in lambda-Calculus},
  journal   = {Inf. Comput.},
  year      = {1995},
  volume    = {118},
  number    = {1},
  pages     = {120--127},
  bibsource = {dblp computer science bibliography, https://dblp.org},
  biburl    = {https://dblp.org/rec/bib/journals/iandc/Takahashi95},
  ignoredoi = {10.1006/inco.1995.1057},
  ignoreurl = {https://doi.org/10.1006/inco.1995.1057},
  timestamp = {Thu, 18 May 2017 09:54:20 +0200},
}

@Article{deLiguoroPiperno95,
  author    = {Ugo de'Liguoro and Adolfo Piperno},
  title     = {Non Deterministic Extensions of Untyped Lambda-Calculus},
  journal   = {Inf. Comput.},
  year      = {1995},
  volume    = {122},
  number    = {2},
  pages     = {149--177},
  bibsource = {dblp computer science bibliography, https://dblp.org},
  biburl    = {https://dblp.org/rec/bib/journals/iandc/deLiguoroP95},
  ignoredoi = {10.1006/inco.1995.1145},
  ignoreurl = {https://doi.org/10.1006/inco.1995.1145},
  timestamp = {Thu, 18 May 2017 09:54:21 +0200},
}

@Comment{jabref-meta: databaseType:bibtex;}
