%% This BibTeX bibliography file was created using BibDesk.
%% http://bibdesk.sourceforge.net/


%% Created for Willem Heijltjes at 2020-02-23 06:24:14 +0000 


%% Saved with string encoding Unicode (UTF-8) 


@comment{jabref-meta: databaseType:bibtex;}



@article{Leventis19,
	Author = {Leventis, Thomas},
	Date-Added = {2020-02-20 10:01:55 +0000},
	Date-Modified = {2020-02-20 10:01:55 +0000},
	Doi = {10.1017/S0960129519000045},
	Journal = {Mathematical Structures in Computer Science},
	Keywords = {lambda-calculus, probabilistic, rewriting},
	Number = {10},
	Pages = {1479--1512},
	Title = {A deterministic rewrite system for the probabilistic $\lambda$-calculus},
	Volume = {29},
	Year = {2019},
	Bdsk-Url-1 = {https://doi.org/10.1017/S0960129519000045}}

@inproceedings{Ramsey-Pfeffer-2002,
	Author = {Ramsey, Norman and Pfeffer, Avi},
	Booktitle = {Conference Record of {POPL} 2002: The 29th {SIGPLAN-SIGACT} Symposium on Principles of Programming Languages},
	Date-Added = {2019-10-24 06:40:03 +0100},
	Date-Modified = {2019-10-24 06:40:03 +0100},
	Doi = {10.1145/503272.503288},
	Keywords = {lambda-calculus, probabilistic},
	Pages = {154--165},
	Series = {POPL '02},
	Title = {Stochastic Lambda Calculus and Monads of Probability Distributions},
	Year = {2002},
	Bdsk-Url-1 = {https://doi.org/10.1145/503272.503288}}

@inproceedings{Manber-Tompa-1982,
	Author = {Udi Manber and Martin Tompa},
	Booktitle = {14th Annual ACM Symposium on Theory of Computing},
	Date-Added = {2019-10-24 06:07:59 +0100},
	Date-Modified = {2019-10-24 06:07:59 +0100},
	Doi = {10.1145/800070.802197},
	Keywords = {decision diagrams},
	Pages = {234--244},
	Title = {Probabilistic, nondeterministic, and alternating decision trees},
	Year = {1982},
	Bdsk-Url-1 = {https://doi.org/10.1145/800070.802197}}

@article{Zantema-Pol-2001,
	Author = {Hans Zantema and Jaco van de Pol},
	Date-Added = {2019-10-24 05:55:55 +0100},
	Date-Modified = {2019-10-24 05:55:55 +0100},
	Doi = {10.1016/S1567-8326(01)00013-3},
	Journal = {The Journal of Logic and Algebraic Programming},
	Keywords = {rewriting},
	Number = {1-2},
	Pages = {61--86},
	Title = {A rewriting approach to binary decision diagrams},
	Volume = {49},
	Year = {2001},
	Bdsk-Url-1 = {https://doi.org/10.1016/S1567-8326(01)00013-3}}

@article{Dershowitz82,
	Author = {Nachum Dershowitz},
	Bibsource = {dblp computer science bibliography, https://dblp.org},
	Biburl = {https://dblp.org/rec/bib/journals/tcs/Dershowitz82},
	Doi = {10.1016/0304-3975(82)90026-3},
	Ignoreurl = {https://doi.org/10.1016/0304-3975(82)90026-3},
	Journal = {Theoretical Computer Science},
	Pages = {279--301},
	Timestamp = {Wed, 14 Nov 2018 10:33:29 +0100},
	Title = {Orderings for Term-Rewriting Systems},
	Volume = {17},
	Year = {1982},
	Bdsk-Url-1 = {https://doi.org/10.1016/0304-3975(82)90026-3}}

@inproceedings{SahebDjahromi78,
	Author = {Nasser Saheb{-}Djahromi},
	Booktitle = {Mathematical Foundations of Computer Science 1978, Proceedings, 7th Symposium},
	Doi = {10.1007/3-540-08921-7\_92},
	Pages = {442--451},
	Publisher = {Springer},
	Series = {Lecture Notes in Computer Science},
	Title = {Probabilistic {LCF}},
	Volume = {64},
	Year = {1978},
	Bdsk-Url-1 = {https://doi.org/10.1007/3-540-08921-7%5C_92}}

@inproceedings{JonesPlotkin89,
	Author = {C. Jones and Gordon D. Plotkin},
	Booktitle = {Proceedings of the Fourth Annual Symposium on Logic in Computer Science {(LICS} '89)},
	Doi = {10.1109/LICS.1989.39173},
	Pages = {186--195},
	Publisher = {{IEEE} Computer Society},
	Title = {A Probabilistic Powerdomain of Evaluations},
	Year = {1989},
	Bdsk-Url-1 = {https://doi.org/10.1109/LICS.1989.39173}}

@article{DalLagoZorzi12,
	Author = {Dal Lago, Ugo and Margherita Zorzi},
	Doi = {10.1051/ita/2012012},
	Journal = {{RAIRO} - Theoretical Informatics and Applications},
	Number = {3},
	Pages = {413--450},
	Title = {Probabilistic operational semantics for the lambda calculus},
	Volume = {46},
	Year = {2012},
	Bdsk-Url-1 = {https://doi.org/10.1051/ita/2012012}}

@inproceedings{DalLagoSangiorgiAlberti14,
	Author = {{Dal Lago}, Ugo and Davide Sangiorgi and Michele Alberti},
	Booktitle = {The 41st Annual {ACM} {SIGPLAN-SIGACT} Symposium on Principles of Programming Languages, {POPL} '14},
	Doi = {10.1145/2535838.2535872},
	Pages = {297--308},
	Publisher = {{ACM}},
	Title = {On coinductive equivalences for higher-order probabilistic functional programs},
	Year = {2014},
	Bdsk-Url-1 = {https://doi.org/10.1145/2535838.2535872}}

@article{EPT18,
	Author = {Thomas Ehrhard and Michele Pagani and Christine Tasson},
	Doi = {10.1145/3164540},
	Journal = {Journal of the {ACM}},
	Number = {4},
	Pages = {23:1--23:44},
	Title = {Full Abstraction for Probabilistic {PCF}},
	Volume = {65},
	Year = {2018},
	Bdsk-Url-1 = {https://doi.org/10.1145/3164540}}

@article{DalLagoGrellois19,
	Author = {Dal Lago, Ugo and Charles Grellois},
	Doi = {10.1145/3293605},
	Journal = {{ACM} Transactions on Programming Languages and Systems},
	Number = {2},
	Pages = {10:1--10:65},
	Title = {Probabilistic Termination by Monadic Affine Sized Typing},
	Volume = {41},
	Year = {2019},
	Bdsk-Url-1 = {https://doi.org/10.1145/3293605}}

@inproceedings{FaggianRonchi19,
	Author = {Claudia Faggian and Ronchi Della Rocca, Simona},
	Booktitle = {34th Annual {ACM/IEEE} Symposium on Logic in Computer Science, {LICS} 2019},
	Doi = {10.1109/LICS.2019.8785699},
	Pages = {1--13},
	Publisher = {{IEEE} Computer Society},
	Title = {Lambda Calculus and Probabilistic Computation},
	Year = {2019},
	Bdsk-Url-1 = {https://doi.org/10.1109/LICS.2019.8785699}}

@inproceedings{Leventis18,
	Author = {Thomas Leventis},
	Booktitle = {Proceedings of the 33rd Annual {ACM/IEEE} Symposium on Logic in Computer Science, {LICS} 2018},
	Date-Modified = {2020-02-23 06:24:10 +0000},
	Doi = {10.1145/3209108.3209126},
	Pages = {649--658},
	Publisher = {{IEEE} Computer Society},
	Title = {Probabilistic {B}{\"{o}}hm Trees and Probabilistic Separation},
	Year = {2018},
	Bdsk-Url-1 = {https://doi.org/10.1145/3209108.3209126}}

@inproceedings{GoubaultLarrecq19,
	Author = {Jean Goubault{-}Larrecq},
	Booktitle = {34th Annual {ACM/IEEE} Symposium on Logic in Computer Science, {LICS} 2019},
	Doi = {10.1109/LICS.2019.8785809},
	Pages = {1--13},
	Publisher = {{IEEE} Computer Society},
	Title = {A Probabilistic and Non-Deterministic Call-by-Push-Value Language},
	Year = {2019},
	Bdsk-Url-1 = {https://doi.org/10.1109/LICS.2019.8785809}}

@article{JungTix98,
	Author = {Achim Jung and Regina Tix},
	Doi = {10.1016/S1571-0661(05)80216-6},
	Journal = {Electronic Notes in Theoretical Computer Science},
	Pages = {70--91},
	Title = {The troublesome probabilistic powerdomain},
	Volume = {13},
	Year = {1998},
	Bdsk-Url-1 = {https://doi.org/10.1016/S1571-0661(05)80216-6}}

@article{DanosEhrhard11,
	Author = {Vincent Danos and Thomas Ehrhard},
	Doi = {10.1016/j.ic.2011.02.001},
	Journal = {Information and Compututation},
	Number = {6},
	Pages = {966--991},
	Title = {Probabilistic coherence spaces as a model of higher-order probabilistic computation},
	Volume = {209},
	Year = {2011},
	Bdsk-Url-1 = {https://doi.org/10.1016/j.ic.2011.02.001}}

@inproceedings{BreuvartDalLago18,
	Author = {Flavien Breuvart and Dal Lago, Ugo},
	Booktitle = {roceedings of the 20th International Symposium on Principles and Practice of Declarative Programming, {PPDP} 2018},
	Doi = {10.1145/3236950.3236968},
	Pages = {8:1--8:13},
	Publisher = {{ACM}},
	Title = {On Intersection Types and Probabilistic Lambda Calculi},
	Year = {2018},
	Bdsk-Url-1 = {https://doi.org/10.1145/3236950.3236968}}

@inproceedings{AvanziniDalLagoGhyselen19,
	Author = {Martin Avanzini and Dal Lago, Ugo and Alexis Ghyselen},
	Booktitle = {34th Annual {ACM/IEEE} Symposium on Logic in Computer Science, {LICS} 2019},
	Doi = {10.1109/LICS.2019.8785725},
	Pages = {1--13},
	Publisher = {{IEEE} Computer Society},
	Title = {Type-Based Complexity Analysis of Probabilistic Functional Programs},
	Year = {2019},
	Bdsk-Url-1 = {https://doi.org/10.1109/LICS.2019.8785725}}

@inproceedings{SangiorgiVignudelli16,
	Author = {Davide Sangiorgi and Valeria Vignudelli},
	Booktitle = {Proceedings of the 43rd Annual {ACM} {SIGPLAN-SIGACT} Symposium on Principles of Programming Languages, {POPL} 2016},
	Doi = {10.1145/2837614.2837651},
	Pages = {595--607},
	Title = {Environmental bisimulations for probabilistic higher-order languages},
	Year = {2016},
	Bdsk-Url-1 = {https://doi.org/10.1145/2837614.2837651}}

@article{EhrhardTasson19,
	Author = {Thomas Ehrhard and Christine Tasson},
	Doi = {10.23638/LMCS-15(1:3)2019},
	Journal = {Logical Methods in Computer Science},
	Number = {1},
	Title = {Probabilistic call by push value},
	Volume = {15},
	Year = {2019},
	Bdsk-Url-1 = {https://doi.org/10.23638/LMCS-15(1:3)2019}}

@inproceedings{DLFVY17,
	Author = {Dal Lago, Ugo and Claudia Faggian and Beno{\^{\i}}t Valiron and Akira Yoshimizu},
	Booktitle = {Proceedings of the 44th {ACM} {SIGPLAN} Symposium on Principles of Programming Languages, {POPL} 2017},
	Doi = {10.1145/3009837},
	Pages = {833--845},
	Publisher = {{ACM}},
	Title = {The geometry of parallelism: classical, probabilistic, and quantum effects},
	Year = {2017},
	Bdsk-Url-1 = {https://doi.org/10.1145/3009837}}

@article{Takahashi95,
	Author = {Masako Takahashi},
	Bibsource = {dblp computer science bibliography, https://dblp.org},
	Biburl = {https://dblp.org/rec/bib/journals/iandc/Takahashi95},
	Doi = {10.1006/inco.1995.1057},
	Ignoreurl = {https://doi.org/10.1006/inco.1995.1057},
	Journal = {Information and Computation},
	Number = {1},
	Pages = {120--127},
	Timestamp = {Thu, 18 May 2017 09:54:20 +0200},
	Title = {Parallel Reductions in lambda-Calculus},
	Volume = {118},
	Year = {1995},
	Bdsk-Url-1 = {https://doi.org/10.1006/inco.1995.1057}}

@article{deLiguoroPiperno95,
	Author = {Ugo de'Liguoro and Adolfo Piperno},
	Bibsource = {dblp computer science bibliography, https://dblp.org},
	Biburl = {https://dblp.org/rec/bib/journals/iandc/deLiguoroP95},
	Doi = {10.1006/inco.1995.1145},
	Ignoreurl = {https://doi.org/10.1006/inco.1995.1145},
	Journal = {Information and Computation},
	Number = {2},
	Pages = {149--177},
	Timestamp = {Thu, 18 May 2017 09:54:21 +0200},
	Title = {Non Deterministic Extensions of Untyped Lambda-Calculus},
	Volume = {122},
	Year = {1995},
	Bdsk-Url-1 = {https://doi.org/10.1006/inco.1995.1145}}

@inproceedings{ClairambaultPaquet18,
	Author = {Pierre Clairambault and Hugo Paquet},
	Bibsource = {dblp computer science bibliography, https://dblp.org},
	Biburl = {https://dblp.org/rec/conf/csl/ClairambaultP18.bib},
	Booktitle = {27th {EACSL} Annual Conference on Computer Science Logic, {CSL} 2018},
	Doi = {10.4230/LIPIcs.CSL.2018.16},
	Ignorecrossref = {DBLP:conf/csl/2018},
	Ignoreurl = {https://doi.org/10.4230/LIPIcs.CSL.2018.16},
	Pages = {16:1--16:17},
	Publisher = {Schloss Dagstuhl - Leibniz-Zentrum f{\"{u}}r Informatik},
	Series = {LIPIcs},
	Timestamp = {Tue, 11 Feb 2020 15:52:14 +0100},
	Title = {Fully Abstract Models of the Probabilistic lambda-calculus},
	Volume = {119},
	Year = {2018},
	Bdsk-Url-1 = {https://doi.org/10.4230/LIPIcs.CSL.2018.16}}

@inproceedings{LeventisPagani19,
	Author = {Thomas Leventis and Michele Pagani},
	Bibsource = {dblp computer science bibliography, https://dblp.org},
	Biburl = {https://dblp.org/rec/conf/fossacs/LeventisP19.bib},
	Booktitle = {Foundations of Software Science and Computation Structures - 22nd International Conference, {FOSSACS} 2019},
	Doi = {10.1007/978-3-030-17127-8\_21},
	Ignorecrossref = {DBLP:conf/fossacs/2019},
	Ignoreurl = {https://doi.org/10.1007/978-3-030-17127-8\_21},
	Pages = {365--381},
	Publisher = {Springer},
	Series = {Lecture Notes in Computer Science},
	Timestamp = {Fri, 31 Jan 2020 21:32:20 +0100},
	Title = {Strong Adequacy and Untyped Full-Abstraction for Probabilistic Coherence Spaces},
	Volume = {11425},
	Year = {2019},
	Bdsk-Url-1 = {https://doi.org/10.1007/978-3-030-17127-8%5C_21}}

@book{Barendregt84,
	Author = {Hendrik Pieter Barendregt},
	Isbn = {9780444867483},
	Lccn = {84005966},
	Publisher = {North-Holland},
	Series = {Studies in logic and the foundations of mathematics},
	Title = {The Lambda Calculus -- Its Syntax and Semantics},
	Volume = {103},
	Year = {1984}}

@misc{arXiv,
	Archiveprefix = {arXiv},
	Author = {Dal Lago, Ugo and Giulio Guerrieri and Willem Heijltjes},
	Eprint = {2002.08392},
	Primaryclass = {cs.LO},
	Title = {Decomposing Probabilistic Lambda-calculi (Long Version)},
	Url = {https://arxiv.org/abs/2002.08392},
	Year = {2020},
	Bdsk-Url-1 = {https://arxiv.org/abs/2002.08392}}

@inproceedings{BDLGS16,
	Author = {Johannes Borgstr{\"{o}}m and Dal Lago, Ugo and Andrew D. Gordon and Marcin Szymczak},
	Bibsource = {dblp computer science bibliography, https://dblp.org},
	Biburl = {https://dblp.org/rec/conf/icfp/BorgstromLGS16.bib},
	Booktitle = {21st {ACM} {SIGPLAN} International Conference on Functional Programming, {ICFP} 2016},
	Date-Modified = {2020-02-23 06:22:37 +0000},
	Doi = {10.1145/2951913.2951942},
	Pages = {33--46},
	Publisher = {{ACM}},
	Timestamp = {Tue, 06 Nov 2018 16:59:25 +0100},
	Title = {A lambda-calculus foundation for universal probabilistic programming},
	Year = {2016},
	Bdsk-Url-1 = {https://doi.org/10.1145/2951913.2951942}}

@techreport{Loader98,
	Author = {Ralph Loader},
	Institution = {University of Edinburgh, Edinburgh},
	Title = {Notes on simply typed lambda calculus},
	Type = {Reports of the Laboratory for Foundations of Computer Science {ECS-LFCS-98-381}},
	Url = {http://www.lfcs.inf.ed.ac.uk/reports/98/ECS-LFCS-98-381/},
	Year = {1998},
	Bdsk-Url-1 = {http://www.lfcs.inf.ed.ac.uk/reports/98/ECS-LFCS-98-381/}}
